@article{wurman2008coordinating,
  title={Coordinating hundreds of cooperative, autonomous vehicles in warehouses},
  author={Wurman, Peter R and D'Andrea, Raffaello and Mountz, Mick},
  journal={AI magazine},
  volume={29},
  number={1},
  pages={9},
  year={2008}
}%ware houses
@article{he2016dynamic,
  title={Dynamic group behaviors for interactive crowd simulation},
  author={He, Liang and Pan, Jia and Narang, Sahil and Wang, Wenping and Manocha, Dinesh},
  journal={arXiv preprint arXiv:1602.03623},
  year={2016}
}

%animation
@article{giesen2012medial,
  title={The medial axis of the union of inner Voronoi balls in the plane},
  author={Giesen, Joachim and Miklos, Balint and Pauly, Mark},
  journal={Computational Geometry},
  volume={45},
  number={9},
  pages={515--523},
  year={2012},
  publisher={Elsevier}
}
@article{blum1978shape,
  title={Shape description using weighted symmetric axis features},
  author={Blum, Harry and Nagel, Roger N},
  journal={Pattern recognition},
  volume={10},
  number={3},
  pages={167--180},
  year={1978},
  publisher={Elsevier}
}
%medial-axis
%%%%%%%%%%%%%%%%%%%%%%%%%%circle packing

@article{graham1998dense,
  title={Dense packings of congruent circles in a circle},
  author={Graham, Ronald L and Lubachevsky, Boris D and Nurmela, Kari J and {\"O}sterg{\aa}rd, Patric RJ},
  journal={Discrete Mathematics},
  volume={181},
  number={1},
  pages={139--154},
  year={1998},
  publisher={Elsevier}
}%circle packing
@article{galiev2013linear,
  title={Linear models for the approximate solution of the problem of packing equal circles into a given domain},
  author={Galiev, Shamil I and Lisafina, Maria S},
  journal={European Journal of Operational Research},
  volume={230},
  number={3},
  pages={505--514},
  year={2013},
  publisher={Elsevier}
}%linear circle packing
%%decetralized
@article{helbing1995social,
  title={Social force model for pedestrian dynamics},
  author={Helbing, Dirk and Molnar, Peter},
  journal={Physical review E},
  volume={51},
  number={5},
  pages={4282},
  year={1995},
  publisher={APS}
}
% social forces

@inproceedings{pelechano2007controlling,
  title={Controlling individual agents in high-density crowd simulation},
  author={Pelechano, Nuria and Allbeck, Jan M and Badler, Norman I},
  booktitle={Proceedings of the 2007 ACM SIGGRAPH/Eurographics symposium on Computer animation},
  pages={99--108},
  year={2007},
  organization={Eurographics Association}
}%rule based
@incollection{van2011reciprocal,
  title={Reciprocal n-body collision avoidance},
  author={Van Den Berg, Jur and Guy, Stephen J and Lin, Ming and Manocha, Dinesh},
  booktitle={Robotics research},
  pages={3--19},
  year={2011},
  publisher={Springer}
}
@inproceedings{yeh2008composite,
  title={Composite agents},
  author={Yeh, Hengchin and Curtis, Sean and Patil, Sachin and van den Berg, Jur and Manocha, Dinesh and Lin, Ming},
  booktitle={Proceedings of the 2008 ACM SIGGRAPH/Eurographics Symposium on Computer Animation},
  pages={39--47},
  year={2008},
  organization={Eurographics Association}
}
%geometric
@inproceedings{he2013meso,
  title={Meso-scale planning for multi-agent navigation},
  author={He, Liang and van den Berg, Jur},
  booktitle={Robotics and Automation (ICRA), 2013 IEEE International Conference on},
  pages={2839--2844},
  year={2013},
  organization={IEEE}
}@inproceedings{he2016proxemic,
  title={Proxemic group behaviors using reciprocal multi-agent navigation},
  author={He, Liang and Pan, Jia and Wang, Wenping and Manocha, Dinesh},
  booktitle={2016 IEEE International Conference on Robotics and Automation (ICRA)},
  pages={292--297},
  year={2016},
  organization={IEEE}
}
@inproceedings{kimmel2012maintaining,
  title={Maintaining team coherence under the velocity obstacle framework},
  author={Kimmel, Andrew and Dobson, Andrew and Bekris, Kostas},
  booktitle={Proceedings of the 11th International Conference on Autonomous Agents and Multiagent Systems-Volume 1},
  pages={247--256},
  year={2012},
  organization={International Foundation for Autonomous Agents and Multiagent Systems}
}
%extending
%section {cetralized planning}
@article{solovey2014hardness,
  title={On the hardness of unlabeled multi-robot motion planning},
  author={Solovey, Kiril and Halperin, Dan},
  journal={arXiv preprint arXiv:1408.2260},
  year={2014}
}%hard
@article{wagner2015subdimensional,
  title={Subdimensional Expansion: A Framework for Computationally Tractable Multirobot Path Planning},
  author={Wagner, Glenn},
  year={2015}
}% survey

@inproceedings{katsev2013efficient,
  title={Efficient formation path planning on large graphs},
  author={Katsev, Max and Yu, Jingjin and LaValle, Steven M},
  booktitle={Robotics and Automation (ICRA), 2013 IEEE International Conference on},
  pages={3606--3611},
  year={2013},
  organization={IEEE}
}
@article{hart1968formal,
  title={A formal basis for the heuristic determination of minimum cost paths},
  author={Hart, Peter E and Nilsson, Nils J and Raphael, Bertram},
  journal={IEEE transactions on Systems Science and Cybernetics},
  volume={4},
  number={2},
  pages={100--107},
  year={1968},
  publisher={IEEE}
}
%deep ID A* reduces the memory consumption of A* by using depth-rst search
@article{korf1985depth,
  title={Depth-first iterative-deepening: An optimal admissible tree search},
  author={Korf, Richard E},
  journal={Artificial intelligence},
  volume={27},
  number={1},
  pages={97--109},
  year={1985},
  publisher={Elsevier}
}
% lazy A * 
@inproceedings{felner2012partial,
  title={Partial-Expansion A* with Selective Node Generation.},
  author={Felner, Ariel and Goldenberg, Meir and Sharon, Guni and Stern, Roni and Beja, Tal and Sturtevant, Nathan R and Schaeffer, Jonathan and Holte, Robert},
  booktitle={AAAI},
  year={2012}
}
%non-parametric A *
@article{stern2014potential,
  title={Potential-based bounded-cost search and Anytime Non-Parametric A‚Åé},
  author={Stern, Roni and Felner, Ariel and van den Berg, Jur and Puzis, Rami and Shah, Rajat and Goldberg, Ken},
  journal={Artificial Intelligence},
  volume={214},
  pages={1--25},
  year={2014},
  publisher={Elsevier}
}
@inproceedings{van2011ana,
  title={ANA*: anytime nonparametric A*},
  author={Van Den Berg, Jur and Shah, Rajat and Huang, Arthur and Goldberg, Ken},
  booktitle={Proceedings of Twenty-fifth AAAI Conference on Artificial Intelligence (AAAI-11)},
  year={2011}
}

%Probabilistic planners % unstable % slow
@inproceedings{carpin2002parallel,
  title={On parallel RRTs for multi-robot systems},
  author={Carpin, Stefano and Pagello, Enrico},
  booktitle={Proc. 8th Conf. Italian Association for Artificial Intelligence},
  pages={834--841},
  year={2002}
}
@inproceedings{he2014efficient,
  title={Efficient exact collision-checking of 3-d rigid body motions using linear transformations and distance computations in workspace},
  author={He, Liang and van den Berg, Jur},
  booktitle={2014 IEEE International Conference on Robotics and Automation (ICRA)},
  pages={2059--2064},
  year={2014},
  organization={IEEE}
}
@inproceedings{ferguson2006replanning,
  title={Replanning with rrts},
  author={Ferguson, Dave and Kalra, Nidhi and Stentz, Anthony},
  booktitle={Proceedings 2006 IEEE International Conference on Robotics and Automation, 2006. ICRA 2006.},
  pages={1243--1248},
  year={2006},
  organization={IEEE}
}
@inproceedings{ferner2013odrm,
  title={ODrM* optimal multirobot path planning in low dimensional search spaces},
  author={Ferner, Cornelia and Wagner, Glenn and Choset, Howie},
  booktitle={Robotics and Automation (ICRA), 2013 IEEE International Conference on},
  pages={3854--3859},
  year={2013},
  organization={IEEE}
}
% Decoupled Planning
@inproceedings{sanchez2002using,
  title={Using a PRM planner to compare centralized and decoupled planning for multi-robot systems},
  author={Sanchez, Gildardo and Latombe, J-C},
  booktitle={Robotics and Automation, 2002. Proceedings. ICRA'02. IEEE International Conference on},
  volume={2},
  pages={2112--2119},
  year={2002},
  organization={IEEE}
}

%Velocity Scheduling
@article{cui2012pareto,
  title={Pareto-optimal coordination of multiple robots with safety guarantees},
  author={Cui, Rongxin and Gao, Bo and Guo, Ji},
  journal={Autonomous Robots},
  volume={32},
  number={3},
  pages={189--205},
  year={2012},
  publisher={Springer}
}
@article{kant1986toward,
  title={Toward efficient trajectory planning: The path-velocity decomposition},
  author={Kant, Kamal and Zucker, Steven W},
  journal={The International Journal of Robotics Research},
  volume={5},
  number={3},
  pages={72--89},
  year={1986},
  publisher={Sage Publications}
}
@article{peng2005coordinating,
  title={Coordinating multiple robots with kinodynamic constraints along specified paths},
  author={Peng, Jufeng and Akella, Srinivas},
  journal={The International Journal of Robotics Research},
  volume={24},
  number={4},
  pages={295--310},
  year={2005},
  publisher={SAGE Publications}
}
@article{he2016efficient,
  title={Efficient Multi-Agent Global Navigation Using Interpolating Bridges},
  author={He, Liang and Pan, Jia and Manocha, Dinesh},
  journal={arXiv preprint arXiv:1607.07472},
  year={2016}
}

% priority
@article{erdmann1987multiple,
  title={On multiple moving objects},
  author={Erdmann, Michael and Lozano-Perez, Tomas},
  journal={Algorithmica},
  volume={2},
  number={1-4},
  pages={477--521},
  year={1987},
  publisher={Springer}
}
@inproceedings{van2009centralized,
  title={Centralized path planning for multiple robots: Optimal decoupling into sequential plans.},
  author={van Den Berg, Jur and Snoeyink, Jack and Lin, Ming C and Manocha, Dinesh},
  booktitle={Robotics: Science and systems},
  volume={2},
  number={2.5},
  pages={2--3},
  year={2009}
}
@inproceedings{velagapudi2010decentralized,
  title={Decentralized prioritized planning in large multirobot teams},
  author={Velagapudi, Prasanna and Sycara, Katia and Scerri, Paul},
  booktitle={Intelligent Robots and Systems (IROS), 2010 IEEE/RSJ International Conference on},
  pages={4603--4609},
  year={2010},
  organization={IEEE}
}
%behavior
@inproceedings{luna2011push,
  title={Push and swap: Fast cooperative path-finding with completeness guarantees},
  author={Luna, Ryan and Bekris, Kostas E},
  booktitle={IJCAI},
  pages={294--300},
  year={2011}
}
@inproceedings{de2013push,
  title={Push and rotate: cooperative multi-agent path planning},
  author={de Wilde, Boris and ter Mors, Adriaan W and Witteveen, Cees},
  booktitle={Proceedings of the 2013 international conference on Autonomous agents and multi-agent systems},
  pages={87--94},
  year={2013},
  organization={International Foundation for Autonomous Agents and Multiagent Systems}
}
@inproceedings{sajid2012multi,
  title={Multi-Agent Pathfinding with Simultaneous Execution of Single-Agent Primitives.},
  author={Sajid, Qandeel and Luna, Ryan and Bekris, Kostas E},
  booktitle={SOCS},
  year={2012}
}
%decomposition

@article{alami1998multi,
  title={Multi-robot cooperation in the MARTHA project},
  author={Alami, Rachid and Fleury, Sara and Herrb, Matthieu and Ingrand, F{\'e}lix and Robert, Fr{\'e}d{\'e}ric},
  journal={IEEE Robotics \& Automation Magazine},
  volume={5},
  number={1},
  pages={36--47},
  year={1998},
  publisher={IEEE}
}%stictly geometric area
@article{dresner2008multiagent,
  title={A multiagent approach to autonomous intersection management},
  author={Dresner, Kurt and Stone, Peter},
  journal={Journal of artificial intelligence research},
  volume={31},
  pages={591--656},
  year={2008}
}

@article{calinescu2008reconfigurations,
  title={Reconfigurations in graphs and grids},
  author={Calinescu, Gruia and Dumitrescu, Adrian and Pach, J{\'a}nos},
  journal={SIAM Journal on Discrete Mathematics},
  volume={22},
  number={1},
  pages={124--138},
  year={2008},
  publisher={SIAM}
}
%grid

@article{vsvestka1998coordinated,
  title={Coordinated path planning for multiple robots},
  author={{\v{S}}vestka, Petr and Overmars, Mark H},
  journal={Robotics and autonomous systems},
  volume={23},
  number={3},
  pages={125--152},
  year={1998},
  publisher={Elsevier}
}%hierarchical graph

@inproceedings{turpin2013concurrent,
  title={Concurrent assignment and planning of trajectories for large teams of interchangeable robots},
  author={Turpin, Matthew and Michael, Nathan and Kumar, Vijay},
  booktitle={Robotics and Automation (ICRA), 2013 IEEE International Conference on},
  pages={842--848},
  year={2013},
  organization={IEEE}
}
@incollection{turpin2013trajectory,
  title={Trajectory planning and assignment in multirobot systems},
  author={Turpin, Matthew and Michael, Nathan and Kumar, Vijay},
  booktitle={Algorithmic foundations of robotics X},
  pages={175--190},
  year={2013},
  publisher={Springer}
}
@incollection{karamouzas2013space,
  title={Space-time group motion planning},
  author={Karamouzas, Ioannis and Geraerts, Roland and van der Stappen, A Frank},
  booktitle={Algorithmic Foundations of Robotics X},
  pages={227--243},
  year={2013},
  publisher={Springer}
}
@inproceedings{krontiris2013feasibility,
  title={From feasibility tests to path planners for multi-agent pathfinding},
  author={Krontiris, Athanasios and Luna, Ryan and Bekris, Kostas E},
  booktitle={Sixth Annual Symposium on Combinatorial Search},
  year={2013}
}
@inproceedings{turpin2013goal,
  title={Goal Assignment and Trajectory Planning for Large Teams of Aerial Robots.},
  author={Turpin, Matthew and Mohta, Kartik and Michael, Nathan and Kumar, Vijay},
  booktitle={Robotics: Science and Systems},
  year={2013}
}

@article{DBLP:journals/corr/SoloveyYZH15,
  author    = {Kiril Solovey and
               Jingjin Yu and
               Or Zamir and
               Dan Halperin},
  title     = {Motion Planning for Unlabeled Discs with Optimality Guarantees},
  journal   = {CoRR},
  volume    = {abs/1504.05218},
  year      = {2015},
  url       = {http://arxiv.org/abs/1504.05218},
  timestamp = {Sat, 02 May 2015 17:50:32 +0200},
  biburl    = {http://dblp.uni-trier.de/rec/bib/journals/corr/SoloveyYZH15},
  bibsource = {dblp computer science bibliography, http://dblp.org}
}
%continuous

